@article{BainEngelhardtWright,
    author = {Lee J. Bain, Max Engelhardt, and F. T. Wright},
    title = {Tests for an Increasing Trend in the Intensity of a Poisson Process: A Power Study},
    journal = {Journal of the American Statistical Association},
    year = {1985},
    volume = {80},
    number = {390},
    pages = {419-422},
    }

@article{Boswell1966,
    author = {M. T. Bowsell},
    title = {Estimating and Testing Trend in a Stochastic Process of Poisson Type},
    journal = {Annals of Mathematical Statistics},
    year = {1966},
    volume = {37},
    pages = {1564-1573}
}

@article{VanEeden1956,
    author    = {C. Van Eeden},
    title     = {Maximum Likelihood Estimation of Partially or Completely Ordered Parameters},
    journal   = {Koninklijke Nederlandse Akademie van Wetenschappen, Proceedings, Series A / Indagationes Mathematicae},
    volume    = {59},
    number    = {4},
    year      = {1956},
    pages     = {128-136},
    note      = {Reprinted from \textit{Indagationes Mathematicae}, 18, No. 4, 1956},
}

@article{Grenander1956,
    author    = {U. Grenander},
    title     = {On the Theory of Mortality Measurement},
    journal   = {Skandinavisk Aktuarietidskrift},
    year      = {1956},
    pages     = {138-140},
}

@article{Wilks1938,
    author    = {S. S. Wilks},
    title     = {The Large-Sample Distribution of the Likelihood Ratio for Testing Composite Hypotheses},
    journal   = {Annals of Mathematical Statistics},
    year      = {1938},
    volume    = {9},
    number    = {1},
    pages     = {60-62},
}

@article{ExampleIntervention,
    author    = {John Pork},
    title     = {An Example Intervention},
    journal   = {Trouver des exemples},
    year      = {2020},
}

@online{StirlingNumbers,
    author   = {Wikipedia},
    title     = {Stirling numbers of the first kind},
    url       = {https://en.wikipedia.org/wiki/Stirling_numbers_of_the_first_kind},
    note      = {Accessed: 2024-12-11}
}